@misc{lookup-lepoint2025,
  title = {Look Up Ã— Le Point Space Barometer \#1: Orbital Traffic Surges to 13,026 Active Satellites as of October 1, 2025},
  author = {{Look Up}},
  year = {2025},
  month = {oct},
  publisher = {Look Up in partnership with Le Point},
  note = {Data processed via SYNAPSE platform; reported on AeroMorning},
  url = {https://aeromorning.com/en/orbital-traffic-surges-13026-ac8ve-satellites-as-of-october-1-2025/},
  urldate = {2025-10-19}
}

@misc{starlinkmap.org,
  author       = {{Will DePue}},
  title        = {{Starlink Map}},
  howpublished = {\url{https://www.starlinkmap.org/}},
  year         = {2025},
  note         = {An interactive, real-time map of Starlink satellites. Accessed: 2025-10-19},
  url          = {https://www.starlinkmap.org/},
  urldate      = {2025-10-19}
}

@misc{wikimedia_starlink_mission_2020,
  author = {{SpaceX}},
  title = {Starlink Mission (47926144123)},
  year = {2020},
  url = {https://upload.wikimedia.org/wikipedia/commons/9/91/Starlink_Mission_%2847926144123%29.jpg},
  note = {Photograph of Starlink satellite deployment from Falcon 9 rocket, via Wikimedia Commons}
}

@misc{earthsky_starlink_2021,
  author = {{EarthSky.org}},
  title = {SpaceX Starlink Satellites Constellation},
  year = {2021},
  month = {May},
  url = {https://earthsky.org/upl/2021/05/SPACEX-STARLINK-SATELLITES-CONSTELLATION.jpeg},
  note = {Digital image of Starlink satellite constellation in orbit}
}

@misc{wikimedia_starlink_01_2025,
  author = {{Wikideas1}},
  title = {Starlink satellite},
  year = {2025},
  month = {May},
  url = {https://en.wikipedia.org/wiki/Starlink#/media/File:Starlink_01.webp},
  note = {Rendered illustration of a Starlink satellite using Blender and a Sketchfab model (CC-BY-4.0), via Wikimedia Commons}
}

@misc{branch_education_starlink_2022,
  author = {{Branch Education}},
  title = {How does Starlink Satellite Internet Work?},
  year = {2022},
  month = {August 19},
  url = {https://www.youtube.com/watch?v=qs2QcycggWU},
  note = {YouTube video explaining the technical workings of Starlink satellite internet, duration: 28:08}
}

@online{n2yo_starlink3988,
  author       = {{N2YO.com}},
  title        = {STARLINK-3988 (SpaceX) - Real-time Satellite Tracking and Orbital Data},
  year         = {2025},
  url          = {https://www.n2yo.com/satellite/?s=52625},
  note         = {Accessed: October 19, 2025},
}

@online{inthesky_starlink3988,
  author       = {{In-The-Sky.org}},
  title        = {Starlink-3988 Satellite Details and Orbit},
  year         = {2025},
  url          = {https://in-the-sky.org/spacecraft.php?id=52625},
  note         = {Accessed: October 19, 2025},
}

@manual{spacex_starlink_specs,
  author       = {{SpaceX}},
  title        = {Starlink Satellite Specifications and Technical Overview},
  year         = {2023},
  organization = {Space Exploration Technologies Corp. (SpaceX)},
  url          = {https://www.spacex.com/starlink},
  note         = {Accessed: October 19, 2025},
}
